%YAML 1.1
%TAG !u! tag:unity3d.com,2011:
--- !u!1 &1729604957237444073
GameObject:
  m_ObjectHideFlags: 0
  m_CorrespondingSourceObject: {fileID: 0}
  m_PrefabInstance: {fileID: 0}
  m_PrefabAsset: {fileID: 0}
  serializedVersion: 6
  m_Component:
  - component: {fileID: 7762925617011467950}
  - component: {fileID: 1546249527607446962}
  - component: {fileID: 8340315613306196691}
  - component: {fileID: 4289565164421978069}
  - component: {fileID: 4575244222432264535}
  - component: {fileID: 2989630950727621319}
  m_Layer: 0
  m_Name: Obstaculo 1 (5)
  m_TagString: Untagged
  m_Icon: {fileID: 0}
  m_NavMeshLayer: 0
  m_StaticEditorFlags: 0
  m_IsActive: 1
--- !u!4 &7762925617011467950
Transform:
  m_ObjectHideFlags: 0
  m_CorrespondingSourceObject: {fileID: 0}
  m_PrefabInstance: {fileID: 0}
  m_PrefabAsset: {fileID: 0}
  m_GameObject: {fileID: 1729604957237444073}
  m_LocalRotation: {x: -0, y: -0, z: -0, w: 1}
  m_LocalPosition: {x: 46.8, y: 1.1, z: 0}
  m_LocalScale: {x: 33.71326, y: 18.358912, z: 1}
  m_ConstrainProportionsScale: 0
  m_Children: []
  m_Father: {fileID: 1664734915076592414}
  m_RootOrder: 1
  m_LocalEulerAnglesHint: {x: 0, y: 0, z: 0}
--- !u!33 &1546249527607446962
MeshFilter:
  m_ObjectHideFlags: 0
  m_CorrespondingSourceObject: {fileID: 0}
  m_PrefabInstance: {fileID: 0}
  m_PrefabAsset: {fileID: 0}
  m_GameObject: {fileID: 1729604957237444073}
  m_Mesh: {fileID: 10202, guid: 0000000000000000e000000000000000, type: 0}
--- !u!23 &8340315613306196691
MeshRenderer:
  m_ObjectHideFlags: 0
  m_CorrespondingSourceObject: {fileID: 0}
  m_PrefabInstance: {fileID: 0}
  m_PrefabAsset: {fileID: 0}
  m_GameObject: {fileID: 1729604957237444073}
  m_Enabled: 1
  m_CastShadows: 1
  m_ReceiveShadows: 1
  m_DynamicOccludee: 1
  m_StaticShadowCaster: 0
  m_MotionVectors: 1
  m_LightProbeUsage: 1
  m_ReflectionProbeUsage: 1
  m_RayTracingMode: 2
  m_RayTraceProcedural: 0
  m_RenderingLayerMask: 1
  m_RendererPriority: 0
  m_Materials:
  - {fileID: 2100000, guid: 86992cedc82a7954b89ba9c6843f9f2c, type: 2}
  m_StaticBatchInfo:
    firstSubMesh: 0
    subMeshCount: 0
  m_StaticBatchRoot: {fileID: 0}
  m_ProbeAnchor: {fileID: 0}
  m_LightProbeVolumeOverride: {fileID: 0}
  m_ScaleInLightmap: 1
  m_ReceiveGI: 1
  m_PreserveUVs: 0
  m_IgnoreNormalsForChartDetection: 0
  m_ImportantGI: 0
  m_StitchLightmapSeams: 1
  m_SelectedEditorRenderState: 3
  m_MinimumChartSize: 4
  m_AutoUVMaxDistance: 0.5
  m_AutoUVMaxAngle: 89
  m_LightmapParameters: {fileID: 0}
  m_SortingLayerID: 0
  m_SortingLayer: 0
  m_SortingOrder: 0
  m_AdditionalVertexStreams: {fileID: 0}
--- !u!61 &4289565164421978069
BoxCollider2D:
  m_ObjectHideFlags: 0
  m_CorrespondingSourceObject: {fileID: 0}
  m_PrefabInstance: {fileID: 0}
  m_PrefabAsset: {fileID: 0}
  m_GameObject: {fileID: 1729604957237444073}
  m_Enabled: 1
  m_Density: 1
  m_Material: {fileID: 0}
  m_IsTrigger: 0
  m_UsedByEffector: 0
  m_UsedByComposite: 0
  m_Offset: {x: 0, y: 0}
  m_SpriteTilingProperty:
    border: {x: 0, y: 0, z: 0, w: 0}
    pivot: {x: 0, y: 0}
    oldSize: {x: 0, y: 0}
    newSize: {x: 0, y: 0}
    adaptiveTilingThreshold: 0
    drawMode: 0
    adaptiveTiling: 0
  m_AutoTiling: 0
  serializedVersion: 2
  m_Size: {x: 1, y: 1}
  m_EdgeRadius: 0
--- !u!114 &4575244222432264535
MonoBehaviour:
  m_ObjectHideFlags: 0
  m_CorrespondingSourceObject: {fileID: 0}
  m_PrefabInstance: {fileID: 0}
  m_PrefabAsset: {fileID: 0}
  m_GameObject: {fileID: 1729604957237444073}
  m_Enabled: 1
  m_EditorHideFlags: 0
  m_Script: {fileID: 11500000, guid: b42ae49f0717b214fbe01d8a65b48916, type: 3}
  m_Name: 
  m_EditorClassIdentifier: 
--- !u!50 &2989630950727621319
Rigidbody2D:
  serializedVersion: 4
  m_ObjectHideFlags: 0
  m_CorrespondingSourceObject: {fileID: 0}
  m_PrefabInstance: {fileID: 0}
  m_PrefabAsset: {fileID: 0}
  m_GameObject: {fileID: 1729604957237444073}
  m_BodyType: 1
  m_Simulated: 1
  m_UseFullKinematicContacts: 0
  m_UseAutoMass: 0
  m_Mass: 1
  m_LinearDrag: 0
  m_AngularDrag: 0.05
  m_GravityScale: 1
  m_Material: {fileID: 0}
  m_Interpolate: 0
  m_SleepingMode: 1
  m_CollisionDetection: 1
  m_Constraints: 6
--- !u!1 &2685392533105163254
GameObject:
  m_ObjectHideFlags: 0
  m_CorrespondingSourceObject: {fileID: 0}
  m_PrefabInstance: {fileID: 0}
  m_PrefabAsset: {fileID: 0}
  serializedVersion: 6
  m_Component:
  - component: {fileID: 1664734915076592414}
  - component: {fileID: 7396342783538266395}
  - component: {fileID: 5152743339979314933}
  m_Layer: 0
  m_Name: OBSTACULO 14
  m_TagString: Enemy
  m_Icon: {fileID: 0}
  m_NavMeshLayer: 0
  m_StaticEditorFlags: 0
  m_IsActive: 1
--- !u!4 &1664734915076592414
Transform:
  m_ObjectHideFlags: 0
  m_CorrespondingSourceObject: {fileID: 0}
  m_PrefabInstance: {fileID: 0}
  m_PrefabAsset: {fileID: 0}
  m_GameObject: {fileID: 2685392533105163254}
  m_LocalRotation: {x: 0, y: 0, z: 0, w: 1}
  m_LocalPosition: {x: 28.76678, y: 4.078587, z: 0}
  m_LocalScale: {x: 1, y: 1, z: 1}
  m_ConstrainProportionsScale: 0
  m_Children:
  - {fileID: 5698747924803983927}
  - {fileID: 7762925617011467950}
  - {fileID: 456671970110929808}
  - {fileID: 1481850700002948567}
  - {fileID: 7748505419887875408}
  - {fileID: 5968520066474480730}
  - {fileID: 5583813874471975156}
  - {fileID: 8741436226610350040}
  m_Father: {fileID: 0}
  m_RootOrder: 0
  m_LocalEulerAnglesHint: {x: 0, y: 0, z: 0}
--- !u!50 &7396342783538266395
Rigidbody2D:
  serializedVersion: 4
  m_ObjectHideFlags: 0
  m_CorrespondingSourceObject: {fileID: 0}
  m_PrefabInstance: {fileID: 0}
  m_PrefabAsset: {fileID: 0}
  m_GameObject: {fileID: 2685392533105163254}
  m_BodyType: 0
  m_Simulated: 1
  m_UseFullKinematicContacts: 0
  m_UseAutoMass: 0
  m_Mass: 1
  m_LinearDrag: 0
  m_AngularDrag: 0.05
  m_GravityScale: 1
  m_Material: {fileID: 0}
  m_Interpolate: 0
  m_SleepingMode: 1
  m_CollisionDetection: 0
  m_Constraints: 6
--- !u!114 &5152743339979314933
MonoBehaviour:
  m_ObjectHideFlags: 0
  m_CorrespondingSourceObject: {fileID: 0}
  m_PrefabInstance: {fileID: 0}
  m_PrefabAsset: {fileID: 0}
  m_GameObject: {fileID: 2685392533105163254}
  m_Enabled: 1
  m_EditorHideFlags: 0
  m_Script: {fileID: 11500000, guid: b42ae49f0717b214fbe01d8a65b48916, type: 3}
  m_Name: 
  m_EditorClassIdentifier: 
--- !u!1 &9221303386945402385
GameObject:
  m_ObjectHideFlags: 0
  m_CorrespondingSourceObject: {fileID: 0}
  m_PrefabInstance: {fileID: 0}
  m_PrefabAsset: {fileID: 0}
  serializedVersion: 6
  m_Component:
  - component: {fileID: 5698747924803983927}
  - component: {fileID: 6960713302147601890}
  - component: {fileID: 1340237669346698569}
  - component: {fileID: 2264676796504465030}
  - component: {fileID: 7723562159140962653}
  - component: {fileID: 2475947395218930730}
  m_Layer: 0
  m_Name: Obstaculo 1 (4)
  m_TagString: Untagged
  m_Icon: {fileID: 0}
  m_NavMeshLayer: 0
  m_StaticEditorFlags: 0
  m_IsActive: 1
--- !u!4 &5698747924803983927
Transform:
  m_ObjectHideFlags: 0
  m_CorrespondingSourceObject: {fileID: 0}
  m_PrefabInstance: {fileID: 0}
  m_PrefabAsset: {fileID: 0}
  m_GameObject: {fileID: 9221303386945402385}
  m_LocalRotation: {x: -0, y: -0, z: -0, w: 1}
  m_LocalPosition: {x: -7.2442017, y: 1.1, z: 0}
  m_LocalScale: {x: 33.71326, y: 18.358912, z: 1}
  m_ConstrainProportionsScale: 0
  m_Children: []
  m_Father: {fileID: 1664734915076592414}
  m_RootOrder: 0
  m_LocalEulerAnglesHint: {x: 0, y: 0, z: 0}
--- !u!33 &6960713302147601890
MeshFilter:
  m_ObjectHideFlags: 0
  m_CorrespondingSourceObject: {fileID: 0}
  m_PrefabInstance: {fileID: 0}
  m_PrefabAsset: {fileID: 0}
  m_GameObject: {fileID: 9221303386945402385}
  m_Mesh: {fileID: 10202, guid: 0000000000000000e000000000000000, type: 0}
--- !u!23 &1340237669346698569
MeshRenderer:
  m_ObjectHideFlags: 0
  m_CorrespondingSourceObject: {fileID: 0}
  m_PrefabInstance: {fileID: 0}
  m_PrefabAsset: {fileID: 0}
  m_GameObject: {fileID: 9221303386945402385}
  m_Enabled: 1
  m_CastShadows: 1
  m_ReceiveShadows: 1
  m_DynamicOccludee: 1
  m_StaticShadowCaster: 0
  m_MotionVectors: 1
  m_LightProbeUsage: 1
  m_ReflectionProbeUsage: 1
  m_RayTracingMode: 2
  m_RayTraceProcedural: 0
  m_RenderingLayerMask: 1
  m_RendererPriority: 0
  m_Materials:
  - {fileID: 2100000, guid: 86992cedc82a7954b89ba9c6843f9f2c, type: 2}
  m_StaticBatchInfo:
    firstSubMesh: 0
    subMeshCount: 0
  m_StaticBatchRoot: {fileID: 0}
  m_ProbeAnchor: {fileID: 0}
  m_LightProbeVolumeOverride: {fileID: 0}
  m_ScaleInLightmap: 1
  m_ReceiveGI: 1
  m_PreserveUVs: 0
  m_IgnoreNormalsForChartDetection: 0
  m_ImportantGI: 0
  m_StitchLightmapSeams: 1
  m_SelectedEditorRenderState: 3
  m_MinimumChartSize: 4
  m_AutoUVMaxDistance: 0.5
  m_AutoUVMaxAngle: 89
  m_LightmapParameters: {fileID: 0}
  m_SortingLayerID: 0
  m_SortingLayer: 0
  m_SortingOrder: 0
  m_AdditionalVertexStreams: {fileID: 0}
--- !u!61 &2264676796504465030
BoxCollider2D:
  m_ObjectHideFlags: 0
  m_CorrespondingSourceObject: {fileID: 0}
  m_PrefabInstance: {fileID: 0}
  m_PrefabAsset: {fileID: 0}
  m_GameObject: {fileID: 9221303386945402385}
  m_Enabled: 1
  m_Density: 1
  m_Material: {fileID: 0}
  m_IsTrigger: 0
  m_UsedByEffector: 0
  m_UsedByComposite: 0
  m_Offset: {x: 0, y: 0}
  m_SpriteTilingProperty:
    border: {x: 0, y: 0, z: 0, w: 0}
    pivot: {x: 0, y: 0}
    oldSize: {x: 0, y: 0}
    newSize: {x: 0, y: 0}
    adaptiveTilingThreshold: 0
    drawMode: 0
    adaptiveTiling: 0
  m_AutoTiling: 0
  serializedVersion: 2
  m_Size: {x: 1, y: 1}
  m_EdgeRadius: 0
--- !u!114 &7723562159140962653
MonoBehaviour:
  m_ObjectHideFlags: 0
  m_CorrespondingSourceObject: {fileID: 0}
  m_PrefabInstance: {fileID: 0}
  m_PrefabAsset: {fileID: 0}
  m_GameObject: {fileID: 9221303386945402385}
  m_Enabled: 1
  m_EditorHideFlags: 0
  m_Script: {fileID: 11500000, guid: b42ae49f0717b214fbe01d8a65b48916, type: 3}
  m_Name: 
  m_EditorClassIdentifier: 
--- !u!50 &2475947395218930730
Rigidbody2D:
  serializedVersion: 4
  m_ObjectHideFlags: 0
  m_CorrespondingSourceObject: {fileID: 0}
  m_PrefabInstance: {fileID: 0}
  m_PrefabAsset: {fileID: 0}
  m_GameObject: {fileID: 9221303386945402385}
  m_BodyType: 1
  m_Simulated: 1
  m_UseFullKinematicContacts: 0
  m_UseAutoMass: 0
  m_Mass: 1
  m_LinearDrag: 0
  m_AngularDrag: 0.05
  m_GravityScale: 1
  m_Material: {fileID: 0}
  m_Interpolate: 0
  m_SleepingMode: 1
  m_CollisionDetection: 1
  m_Constraints: 6
--- !u!1001 &3089965152991947927
PrefabInstance:
  m_ObjectHideFlags: 0
  serializedVersion: 2
  m_Modification:
    m_TransformParent: {fileID: 1664734915076592414}
    m_Modifications:
    - target: {fileID: 4499471730942499136, guid: 397d5a39cfe53f943bf6c0ebdbaa4324,
        type: 3}
      propertyPath: m_RootOrder
      value: 3
      objectReference: {fileID: 0}
    - target: {fileID: 4499471730942499136, guid: 397d5a39cfe53f943bf6c0ebdbaa4324,
        type: 3}
      propertyPath: m_LocalPosition.x
      value: -19.378166
      objectReference: {fileID: 0}
    - target: {fileID: 4499471730942499136, guid: 397d5a39cfe53f943bf6c0ebdbaa4324,
        type: 3}
      propertyPath: m_LocalPosition.y
      value: -14.5
      objectReference: {fileID: 0}
    - target: {fileID: 4499471730942499136, guid: 397d5a39cfe53f943bf6c0ebdbaa4324,
        type: 3}
      propertyPath: m_LocalPosition.z
      value: 0
      objectReference: {fileID: 0}
    - target: {fileID: 4499471730942499136, guid: 397d5a39cfe53f943bf6c0ebdbaa4324,
        type: 3}
      propertyPath: m_LocalRotation.w
      value: 1
      objectReference: {fileID: 0}
    - target: {fileID: 4499471730942499136, guid: 397d5a39cfe53f943bf6c0ebdbaa4324,
        type: 3}
      propertyPath: m_LocalRotation.x
      value: -0
      objectReference: {fileID: 0}
    - target: {fileID: 4499471730942499136, guid: 397d5a39cfe53f943bf6c0ebdbaa4324,
        type: 3}
      propertyPath: m_LocalRotation.y
      value: -0
      objectReference: {fileID: 0}
    - target: {fileID: 4499471730942499136, guid: 397d5a39cfe53f943bf6c0ebdbaa4324,
        type: 3}
      propertyPath: m_LocalRotation.z
      value: -0
      objectReference: {fileID: 0}
    - target: {fileID: 4499471730942499136, guid: 397d5a39cfe53f943bf6c0ebdbaa4324,
        type: 3}
      propertyPath: m_LocalEulerAnglesHint.x
      value: 0
      objectReference: {fileID: 0}
    - target: {fileID: 4499471730942499136, guid: 397d5a39cfe53f943bf6c0ebdbaa4324,
        type: 3}
      propertyPath: m_LocalEulerAnglesHint.y
      value: 0
      objectReference: {fileID: 0}
    - target: {fileID: 4499471730942499136, guid: 397d5a39cfe53f943bf6c0ebdbaa4324,
        type: 3}
      propertyPath: m_LocalEulerAnglesHint.z
      value: 0
      objectReference: {fileID: 0}
    - target: {fileID: 4499471730942499140, guid: 397d5a39cfe53f943bf6c0ebdbaa4324,
        type: 3}
      propertyPath: m_Name
      value: AntiNafta (1)
      objectReference: {fileID: 0}
    m_RemovedComponents: []
  m_SourcePrefab: {fileID: 100100000, guid: 397d5a39cfe53f943bf6c0ebdbaa4324, type: 3}
--- !u!4 &1481850700002948567 stripped
Transform:
  m_CorrespondingSourceObject: {fileID: 4499471730942499136, guid: 397d5a39cfe53f943bf6c0ebdbaa4324,
    type: 3}
  m_PrefabInstance: {fileID: 3089965152991947927}
  m_PrefabAsset: {fileID: 0}
--- !u!1001 &4046265529133671120
PrefabInstance:
  m_ObjectHideFlags: 0
  serializedVersion: 2
  m_Modification:
    m_TransformParent: {fileID: 1664734915076592414}
    m_Modifications:
    - target: {fileID: 4499471730942499136, guid: 397d5a39cfe53f943bf6c0ebdbaa4324,
        type: 3}
      propertyPath: m_RootOrder
      value: 2
      objectReference: {fileID: 0}
    - target: {fileID: 4499471730942499136, guid: 397d5a39cfe53f943bf6c0ebdbaa4324,
        type: 3}
      propertyPath: m_LocalPosition.x
      value: 3.4
      objectReference: {fileID: 0}
    - target: {fileID: 4499471730942499136, guid: 397d5a39cfe53f943bf6c0ebdbaa4324,
        type: 3}
      propertyPath: m_LocalPosition.y
      value: -14.7
      objectReference: {fileID: 0}
    - target: {fileID: 4499471730942499136, guid: 397d5a39cfe53f943bf6c0ebdbaa4324,
        type: 3}
      propertyPath: m_LocalPosition.z
      value: 0
      objectReference: {fileID: 0}
    - target: {fileID: 4499471730942499136, guid: 397d5a39cfe53f943bf6c0ebdbaa4324,
        type: 3}
      propertyPath: m_LocalRotation.w
      value: 1
      objectReference: {fileID: 0}
    - target: {fileID: 4499471730942499136, guid: 397d5a39cfe53f943bf6c0ebdbaa4324,
        type: 3}
      propertyPath: m_LocalRotation.x
      value: -0
      objectReference: {fileID: 0}
    - target: {fileID: 4499471730942499136, guid: 397d5a39cfe53f943bf6c0ebdbaa4324,
        type: 3}
      propertyPath: m_LocalRotation.y
      value: -0
      objectReference: {fileID: 0}
    - target: {fileID: 4499471730942499136, guid: 397d5a39cfe53f943bf6c0ebdbaa4324,
        type: 3}
      propertyPath: m_LocalRotation.z
      value: -0
      objectReference: {fileID: 0}
    - target: {fileID: 4499471730942499136, guid: 397d5a39cfe53f943bf6c0ebdbaa4324,
        type: 3}
      propertyPath: m_LocalEulerAnglesHint.x
      value: 0
      objectReference: {fileID: 0}
    - target: {fileID: 4499471730942499136, guid: 397d5a39cfe53f943bf6c0ebdbaa4324,
        type: 3}
      propertyPath: m_LocalEulerAnglesHint.y
      value: 0
      objectReference: {fileID: 0}
    - target: {fileID: 4499471730942499136, guid: 397d5a39cfe53f943bf6c0ebdbaa4324,
        type: 3}
      propertyPath: m_LocalEulerAnglesHint.z
      value: 0
      objectReference: {fileID: 0}
    - target: {fileID: 4499471730942499140, guid: 397d5a39cfe53f943bf6c0ebdbaa4324,
        type: 3}
      propertyPath: m_Name
      value: AntiNafta
      objectReference: {fileID: 0}
    m_RemovedComponents: []
  m_SourcePrefab: {fileID: 100100000, guid: 397d5a39cfe53f943bf6c0ebdbaa4324, type: 3}
--- !u!4 &456671970110929808 stripped
Transform:
  m_CorrespondingSourceObject: {fileID: 4499471730942499136, guid: 397d5a39cfe53f943bf6c0ebdbaa4324,
    type: 3}
  m_PrefabInstance: {fileID: 4046265529133671120}
  m_PrefabAsset: {fileID: 0}
--- !u!1001 &5133686156699508376
PrefabInstance:
  m_ObjectHideFlags: 0
  serializedVersion: 2
  m_Modification:
    m_TransformParent: {fileID: 1664734915076592414}
    m_Modifications:
    - target: {fileID: 4499471730942499136, guid: 397d5a39cfe53f943bf6c0ebdbaa4324,
        type: 3}
      propertyPath: m_RootOrder
      value: 7
      objectReference: {fileID: 0}
    - target: {fileID: 4499471730942499136, guid: 397d5a39cfe53f943bf6c0ebdbaa4324,
        type: 3}
      propertyPath: m_LocalPosition.x
      value: 36.596497
      objectReference: {fileID: 0}
    - target: {fileID: 4499471730942499136, guid: 397d5a39cfe53f943bf6c0ebdbaa4324,
        type: 3}
      propertyPath: m_LocalPosition.y
      value: 15.3
      objectReference: {fileID: 0}
    - target: {fileID: 4499471730942499136, guid: 397d5a39cfe53f943bf6c0ebdbaa4324,
        type: 3}
      propertyPath: m_LocalPosition.z
      value: 0
      objectReference: {fileID: 0}
    - target: {fileID: 4499471730942499136, guid: 397d5a39cfe53f943bf6c0ebdbaa4324,
        type: 3}
      propertyPath: m_LocalRotation.w
      value: 1
      objectReference: {fileID: 0}
    - target: {fileID: 4499471730942499136, guid: 397d5a39cfe53f943bf6c0ebdbaa4324,
        type: 3}
      propertyPath: m_LocalRotation.x
      value: -0
      objectReference: {fileID: 0}
    - target: {fileID: 4499471730942499136, guid: 397d5a39cfe53f943bf6c0ebdbaa4324,
        type: 3}
      propertyPath: m_LocalRotation.y
      value: -0
      objectReference: {fileID: 0}
    - target: {fileID: 4499471730942499136, guid: 397d5a39cfe53f943bf6c0ebdbaa4324,
        type: 3}
      propertyPath: m_LocalRotation.z
      value: -0
      objectReference: {fileID: 0}
    - target: {fileID: 4499471730942499136, guid: 397d5a39cfe53f943bf6c0ebdbaa4324,
        type: 3}
      propertyPath: m_LocalEulerAnglesHint.x
      value: 0
      objectReference: {fileID: 0}
    - target: {fileID: 4499471730942499136, guid: 397d5a39cfe53f943bf6c0ebdbaa4324,
        type: 3}
      propertyPath: m_LocalEulerAnglesHint.y
      value: 0
      objectReference: {fileID: 0}
    - target: {fileID: 4499471730942499136, guid: 397d5a39cfe53f943bf6c0ebdbaa4324,
        type: 3}
      propertyPath: m_LocalEulerAnglesHint.z
      value: 0
      objectReference: {fileID: 0}
    - target: {fileID: 4499471730942499140, guid: 397d5a39cfe53f943bf6c0ebdbaa4324,
        type: 3}
      propertyPath: m_Name
      value: AntiNafta (3)
      objectReference: {fileID: 0}
    m_RemovedComponents: []
  m_SourcePrefab: {fileID: 100100000, guid: 397d5a39cfe53f943bf6c0ebdbaa4324, type: 3}
--- !u!4 &8741436226610350040 stripped
Transform:
  m_CorrespondingSourceObject: {fileID: 4499471730942499136, guid: 397d5a39cfe53f943bf6c0ebdbaa4324,
    type: 3}
  m_PrefabInstance: {fileID: 5133686156699508376}
  m_PrefabAsset: {fileID: 0}
--- !u!1001 &6195102692728523792
PrefabInstance:
  m_ObjectHideFlags: 0
  serializedVersion: 2
  m_Modification:
    m_TransformParent: {fileID: 1664734915076592414}
    m_Modifications:
    - target: {fileID: 4499471730942499136, guid: 88068869c8c01cf4abfd5da503b1ed22,
        type: 3}
      propertyPath: m_RootOrder
      value: 4
      objectReference: {fileID: 0}
    - target: {fileID: 4499471730942499136, guid: 88068869c8c01cf4abfd5da503b1ed22,
        type: 3}
      propertyPath: m_LocalPosition.x
      value: -7.2052307
      objectReference: {fileID: 0}
    - target: {fileID: 4499471730942499136, guid: 88068869c8c01cf4abfd5da503b1ed22,
        type: 3}
      propertyPath: m_LocalPosition.y
      value: 15.3
      objectReference: {fileID: 0}
    - target: {fileID: 4499471730942499136, guid: 88068869c8c01cf4abfd5da503b1ed22,
        type: 3}
      propertyPath: m_LocalPosition.z
      value: 0
      objectReference: {fileID: 0}
    - target: {fileID: 4499471730942499136, guid: 88068869c8c01cf4abfd5da503b1ed22,
        type: 3}
      propertyPath: m_LocalRotation.w
      value: 1
      objectReference: {fileID: 0}
    - target: {fileID: 4499471730942499136, guid: 88068869c8c01cf4abfd5da503b1ed22,
        type: 3}
      propertyPath: m_LocalRotation.x
      value: -0
      objectReference: {fileID: 0}
    - target: {fileID: 4499471730942499136, guid: 88068869c8c01cf4abfd5da503b1ed22,
        type: 3}
      propertyPath: m_LocalRotation.y
      value: -0
      objectReference: {fileID: 0}
    - target: {fileID: 4499471730942499136, guid: 88068869c8c01cf4abfd5da503b1ed22,
        type: 3}
      propertyPath: m_LocalRotation.z
      value: -0
      objectReference: {fileID: 0}
    - target: {fileID: 4499471730942499136, guid: 88068869c8c01cf4abfd5da503b1ed22,
        type: 3}
      propertyPath: m_LocalEulerAnglesHint.x
      value: 0
      objectReference: {fileID: 0}
    - target: {fileID: 4499471730942499136, guid: 88068869c8c01cf4abfd5da503b1ed22,
        type: 3}
      propertyPath: m_LocalEulerAnglesHint.y
      value: 0
      objectReference: {fileID: 0}
    - target: {fileID: 4499471730942499136, guid: 88068869c8c01cf4abfd5da503b1ed22,
        type: 3}
      propertyPath: m_LocalEulerAnglesHint.z
      value: 0
      objectReference: {fileID: 0}
    - target: {fileID: 4499471730942499140, guid: 88068869c8c01cf4abfd5da503b1ed22,
        type: 3}
      propertyPath: m_Name
      value: Nafta
      objectReference: {fileID: 0}
    m_RemovedComponents: []
  m_SourcePrefab: {fileID: 100100000, guid: 88068869c8c01cf4abfd5da503b1ed22, type: 3}
--- !u!4 &7748505419887875408 stripped
Transform:
  m_CorrespondingSourceObject: {fileID: 4499471730942499136, guid: 88068869c8c01cf4abfd5da503b1ed22,
    type: 3}
  m_PrefabInstance: {fileID: 6195102692728523792}
  m_PrefabAsset: {fileID: 0}
--- !u!1001 &7828704018237869338
PrefabInstance:
  m_ObjectHideFlags: 0
  serializedVersion: 2
  m_Modification:
    m_TransformParent: {fileID: 1664734915076592414}
    m_Modifications:
    - target: {fileID: 4499471730942499136, guid: 88068869c8c01cf4abfd5da503b1ed22,
        type: 3}
      propertyPath: m_RootOrder
      value: 5
      objectReference: {fileID: 0}
    - target: {fileID: 4499471730942499136, guid: 88068869c8c01cf4abfd5da503b1ed22,
        type: 3}
      propertyPath: m_LocalPosition.x
      value: 50.226013
      objectReference: {fileID: 0}
    - target: {fileID: 4499471730942499136, guid: 88068869c8c01cf4abfd5da503b1ed22,
        type: 3}
      propertyPath: m_LocalPosition.y
      value: -14.6
      objectReference: {fileID: 0}
    - target: {fileID: 4499471730942499136, guid: 88068869c8c01cf4abfd5da503b1ed22,
        type: 3}
      propertyPath: m_LocalPosition.z
      value: 0
      objectReference: {fileID: 0}
    - target: {fileID: 4499471730942499136, guid: 88068869c8c01cf4abfd5da503b1ed22,
        type: 3}
      propertyPath: m_LocalRotation.w
      value: 1
      objectReference: {fileID: 0}
    - target: {fileID: 4499471730942499136, guid: 88068869c8c01cf4abfd5da503b1ed22,
        type: 3}
      propertyPath: m_LocalRotation.x
      value: -0
      objectReference: {fileID: 0}
    - target: {fileID: 4499471730942499136, guid: 88068869c8c01cf4abfd5da503b1ed22,
        type: 3}
      propertyPath: m_LocalRotation.y
      value: -0
      objectReference: {fileID: 0}
    - target: {fileID: 4499471730942499136, guid: 88068869c8c01cf4abfd5da503b1ed22,
        type: 3}
      propertyPath: m_LocalRotation.z
      value: -0
      objectReference: {fileID: 0}
    - target: {fileID: 4499471730942499136, guid: 88068869c8c01cf4abfd5da503b1ed22,
        type: 3}
      propertyPath: m_LocalEulerAnglesHint.x
      value: 0
      objectReference: {fileID: 0}
    - target: {fileID: 4499471730942499136, guid: 88068869c8c01cf4abfd5da503b1ed22,
        type: 3}
      propertyPath: m_LocalEulerAnglesHint.y
      value: 0
      objectReference: {fileID: 0}
    - target: {fileID: 4499471730942499136, guid: 88068869c8c01cf4abfd5da503b1ed22,
        type: 3}
      propertyPath: m_LocalEulerAnglesHint.z
      value: 0
      objectReference: {fileID: 0}
    - target: {fileID: 4499471730942499140, guid: 88068869c8c01cf4abfd5da503b1ed22,
        type: 3}
      propertyPath: m_Name
      value: Nafta (2)
      objectReference: {fileID: 0}
    m_RemovedComponents: []
  m_SourcePrefab: {fileID: 100100000, guid: 88068869c8c01cf4abfd5da503b1ed22, type: 3}
--- !u!4 &5968520066474480730 stripped
Transform:
  m_CorrespondingSourceObject: {fileID: 4499471730942499136, guid: 88068869c8c01cf4abfd5da503b1ed22,
    type: 3}
  m_PrefabInstance: {fileID: 7828704018237869338}
  m_PrefabAsset: {fileID: 0}
--- !u!1001 &8290252326987489716
PrefabInstance:
  m_ObjectHideFlags: 0
  serializedVersion: 2
  m_Modification:
    m_TransformParent: {fileID: 1664734915076592414}
    m_Modifications:
    - target: {fileID: 4499471730942499136, guid: 397d5a39cfe53f943bf6c0ebdbaa4324,
        type: 3}
      propertyPath: m_RootOrder
      value: 6
      objectReference: {fileID: 0}
    - target: {fileID: 4499471730942499136, guid: 397d5a39cfe53f943bf6c0ebdbaa4324,
        type: 3}
      propertyPath: m_LocalPosition.x
      value: 57.82109
      objectReference: {fileID: 0}
    - target: {fileID: 4499471730942499136, guid: 397d5a39cfe53f943bf6c0ebdbaa4324,
        type: 3}
      propertyPath: m_LocalPosition.y
      value: 14.7
      objectReference: {fileID: 0}
    - target: {fileID: 4499471730942499136, guid: 397d5a39cfe53f943bf6c0ebdbaa4324,
        type: 3}
      propertyPath: m_LocalPosition.z
      value: 0
      objectReference: {fileID: 0}
    - target: {fileID: 4499471730942499136, guid: 397d5a39cfe53f943bf6c0ebdbaa4324,
        type: 3}
      propertyPath: m_LocalRotation.w
      value: 1
      objectReference: {fileID: 0}
    - target: {fileID: 4499471730942499136, guid: 397d5a39cfe53f943bf6c0ebdbaa4324,
        type: 3}
      propertyPath: m_LocalRotation.x
      value: -0
      objectReference: {fileID: 0}
    - target: {fileID: 4499471730942499136, guid: 397d5a39cfe53f943bf6c0ebdbaa4324,
        type: 3}
      propertyPath: m_LocalRotation.y
      value: -0
      objectReference: {fileID: 0}
    - target: {fileID: 4499471730942499136, guid: 397d5a39cfe53f943bf6c0ebdbaa4324,
        type: 3}
      propertyPath: m_LocalRotation.z
      value: -0
      objectReference: {fileID: 0}
    - target: {fileID: 4499471730942499136, guid: 397d5a39cfe53f943bf6c0ebdbaa4324,
        type: 3}
      propertyPath: m_LocalEulerAnglesHint.x
      value: 0
      objectReference: {fileID: 0}
    - target: {fileID: 4499471730942499136, guid: 397d5a39cfe53f943bf6c0ebdbaa4324,
        type: 3}
      propertyPath: m_LocalEulerAnglesHint.y
      value: 0
      objectReference: {fileID: 0}
    - target: {fileID: 4499471730942499136, guid: 397d5a39cfe53f943bf6c0ebdbaa4324,
        type: 3}
      propertyPath: m_LocalEulerAnglesHint.z
      value: 0
      objectReference: {fileID: 0}
    - target: {fileID: 4499471730942499140, guid: 397d5a39cfe53f943bf6c0ebdbaa4324,
        type: 3}
      propertyPath: m_Name
      value: AntiNafta (2)
      objectReference: {fileID: 0}
    m_RemovedComponents: []
  m_SourcePrefab: {fileID: 100100000, guid: 397d5a39cfe53f943bf6c0ebdbaa4324, type: 3}
--- !u!4 &5583813874471975156 stripped
Transform:
  m_CorrespondingSourceObject: {fileID: 4499471730942499136, guid: 397d5a39cfe53f943bf6c0ebdbaa4324,
    type: 3}
  m_PrefabInstance: {fileID: 8290252326987489716}
  m_PrefabAsset: {fileID: 0}
